@inproceedings{pathak2016context,
  title={Context encoders: Feature learning by inpainting},
  author={Pathak, Deepak and Krahenbuhl, Philipp and Donahue, Jeff and Darrell, Trevor and Efros, Alexei A},
  booktitle={Proceedings of the IEEE conference on computer vision and pattern recognition},
  pages={2536--2544},
  year={2016}
}
@inproceedings{yoo2016pixel,
  title={Pixel-level domain transfer},
  author={Yoo, Donggeun and Kim, Namil and Park, Sunggyun and Paek, Anthony S and Kweon, In So},
  booktitle={European Conference on Computer Vision},
  pages={517--532},
  year={2016},
  organization={Springer}
}
@article{hu2019multi,
  title={Multi-view linear discriminant analysis network},
  author={Hu, Peng and Peng, Dezhong and Sang, Yongsheng and Xiang, Yong},
  journal={IEEE Transactions on Image Processing},
  volume={28},
  number={11},
  pages={5352--5365},
  year={2019},
  publisher={IEEE}
}
@article{hu2019multimodal,
  title={Multimodal adversarial network for cross-modal retrieval},
  author={Hu, Peng and Peng, Dezhong and Wang, Xu and Xiang, Yong},
  journal={Knowledge-Based Systems},
  volume={180},
  pages={38--50},
  year={2019},
  publisher={Elsevier}
}
@inproceedings{yeh2017semantic,
  title={Semantic image inpainting with deep generative models},
  author={Yeh, Raymond A and Chen, Chen and Yian Lim, Teck and Schwing, Alexander G and Hasegawa-Johnson, Mark and Do, Minh N},
  booktitle={Proceedings of the IEEE conference on computer vision and pattern recognition},
  pages={5485--5493},
  year={2017}
}
@article{floreano2008neuroevolution,
  title={Neuroevolution: from architectures to learning},
  author={Floreano, Dario and D{\"u}rr, Peter and Mattiussi, Claudio},
  journal={Evolutionary intelligence},
  volume={1},
  number={1},
  pages={47--62},
  year={2008},
  publisher={Springer}
}
@article{wang2019evolutionary,
  title={Evolutionary generative adversarial networks},
  author={Wang, Chaoyue and Xu, Chang and Yao, Xin and Tao, Dacheng},
  journal={IEEE Transactions on Evolutionary Computation},
  volume={23},
  number={6},
  pages={921--934},
  year={2019},
  publisher={IEEE}
}
@article{suganuma2018exploiting,
  title={Exploiting the potential of standard convolutional autoencoders for image restoration by evolutionary search},
  author={Suganuma, Masanori and Ozay, Mete and Okatani, Takayuki},
  journal={arXiv preprint arXiv:1803.00370},
  year={2018}
}
@inproceedings{criminisi2003object,
  title={Object removal by exemplar-based inpainting},
  author={Criminisi, Antonio and Perez, Patrick and Toyama, Kentaro},
  booktitle={2003 IEEE Computer Society Conference on Computer Vision and Pattern Recognition},
  volume={2},
  pages={2--11},
  year={2003},
  organization={IEEE}
}
@inproceedings{komodakis2006image,
  title={Image completion using global optimization},
  author={Komodakis, Nikos},
  booktitle={2006 IEEE Computer Society Conference on Computer Vision and Pattern Recognition (CVPR'06)},
  volume={1},
  pages={442--452},
  year={2006},
  organization={IEEE}
}
@article{komodakis2007image,
  title={Image completion using efficient belief propagation via priority scheduling and dynamic pruning},
  author={Komodakis, Nikos and Tziritas, Georgios},
  journal={IEEE Transactions on Image Processing},
  volume={16},
  number={11},
  pages={2649--2661},
  year={2007},
  publisher={IEEE}
}
@inproceedings{vinyals2015show,
  title={Show and tell: A neural image caption generator},
  author={Vinyals, Oriol and Toshev, Alexander and Bengio, Samy and Erhan, Dumitru},
  booktitle={Proceedings of the IEEE conference on computer vision and pattern recognition},
  pages={3156--3164},
  year={2015}
}
@inproceedings{yu2018generative,
  title={Generative image inpainting with contextual attention},
  author={Yu, Jiahui and Lin, Zhe and Yang, Jimei and Shen, Xiaohui and Lu, Xin and Huang, Thomas S},
  booktitle={Proceedings of the IEEE conference on computer vision and pattern recognition},
  pages={5505--5514},
  year={2018}
}
@incollection{miikkulainen2019evolving,
  title={Evolving deep neural networks},
  author={Miikkulainen, Risto and Liang, Jason and Meyerson, Elliot and Rawal, Aditya and Fink, Daniel and Francon, Olivier and Raju, Bala and Shahrzad, Hormoz and Navruzyan, Arshak and Duffy, Nigel and others},
  booktitle={Artificial Intelligence in the Age of Neural Networks and Brain Computing},
  pages={293--312},
  year={2019},
  publisher={Elsevier}
}
@article{salimans2017evolution,
  title={Evolution strategies as a scalable alternative to reinforcement learning},
  author={Salimans, Tim and Ho, Jonathan and Chen, Xi and Sidor, Szymon and Sutskever, Ilya},
  journal={arXiv preprint arXiv:1703.03864},
  year={2017}
}
@inproceedings{gaier2019weight,
  title={Weight agnostic neural networks},
  author={Gaier, Adam and Ha, David},
  booktitle={Advances in Neural Information Processing Systems},
  pages={5365--5379},
  year={2019}
}
@article{de1991l1,
  title={L1 loss in an L2 environment: Dutch immigrants in France},
  author={De Bot, Kees and Gommans, Paul and Rossing, Carola},
  journal={First language attrition},
  pages={87--98},
  year={1991}
}
@inproceedings{ronneberger2015u,
  title={U-net: Convolutional networks for biomedical image segmentation},
  author={Ronneberger, Olaf and Fischer, Philipp and Brox, Thomas},
  booktitle={International Conference on Medical image computing and computer-assisted intervention},
  pages={234--241},
  year={2015},
  organization={Springer}
}
@inproceedings{gulrajani2017improved,
  title={Improved training of wasserstein gans},
  author={Gulrajani, Ishaan and Ahmed, Faruk and Arjovsky, Martin and Dumoulin, Vincent and Courville, Aaron C},
  booktitle={Advances in neural information processing systems},
  pages={5767--5777},
  year={2017}
}
@article{arjovsky2017wasserstein,
  title={Wasserstein gan},
  author={Arjovsky, Martin and Chintala, Soumith and Bottou, L{\'e}on},
  journal={arXiv preprint arXiv:1701.07875},
  year={2017}
}
@inproceedings{isola2017image,
  title={Image-to-image translation with conditional adversarial networks},
  author={Isola, Phillip and Zhu, Jun-Yan and Zhou, Tinghui and Efros, Alexei A},
  booktitle={Proceedings of the IEEE conference on computer vision and pattern recognition},
  pages={1125--1134},
  year={2017}
}
@article{karras2017progressive,
  title={Progressive growing of gans for improved quality, stability, and variation},
  author={Karras, Tero and Aila, Timo and Laine, Samuli and Lehtinen, Jaakko},
  journal={arXiv preprint arXiv:1710.10196},
  year={2017}
}
@inproceedings{liu2015deep,
  title={Deep learning face attributes in the wild},
  author={Liu, Ziwei and Luo, Ping and Wang, Xiaogang and Tang, Xiaoou},
  booktitle={Proceedings of the IEEE international conference on computer vision},
  pages={3730--3738},
  year={2015}
}
@inproceedings{ledig2017photo,
  title={Photo-realistic single image super-resolution using a generative adversarial network},
  author={Ledig, Christian and Theis, Lucas and Husz{\'a}r, Ferenc and Caballero, Jose and Cunningham, Andrew and Acosta, Alejandro and Aitken, Andrew and Tejani, Alykhan and Totz, Johannes and Wang, Zehan and others},
  booktitle={Proceedings of the IEEE conference on computer vision and pattern recognition},
  pages={4681--4690},
  year={2017}
}
@inproceedings{setty2013indian,
  title={Indian movie face database: a benchmark for face recognition under wide variations},
  author={Setty, Shankar and Husain, Moula and Beham, Parisa and Gudavalli, Jyothi and Kandasamy, Menaka and Vaddi, Radhesyam and Hemadri, Vidyagouri and Karure, JC and Raju, Raja and Rajan, B and others},
  booktitle={2013 fourth national conference on computer vision, pattern recognition, image processing and graphics (NCVPRIPG)},
  pages={1--5},
  year={2013},
  organization={IEEE}
}
@inproceedings{karras2019style,
  title={A style-based generator architecture for generative adversarial networks},
  author={Karras, Tero and Laine, Samuli and Aila, Timo},
  booktitle={Proceedings of the IEEE Conference on Computer Vision and Pattern Recognition},
  pages={4401--4410},
  year={2019}
}
@inproceedings{gatys2015texture,
  title={Texture synthesis using convolutional neural networks},
  author={Gatys, Leon and Ecker, Alexander S and Bethge, Matthias},
  booktitle={Advances in neural information processing systems},
  pages={262--270},
  year={2015}
}